%YAML 1.1
%TAG !u! tag:unity3d.com,2011:
--- !u!29 &1
OcclusionCullingSettings:
  m_ObjectHideFlags: 0
  serializedVersion: 2
  m_OcclusionBakeSettings:
    smallestOccluder: 5
    smallestHole: 0.25
    backfaceThreshold: 100
  m_SceneGUID: 00000000000000000000000000000000
  m_OcclusionCullingData: {fileID: 0}
--- !u!104 &2
RenderSettings:
  m_ObjectHideFlags: 0
  serializedVersion: 9
  m_Fog: 0
  m_FogColor: {r: 0.5, g: 0.5, b: 0.5, a: 1}
  m_FogMode: 3
  m_FogDensity: 0.01
  m_LinearFogStart: 0
  m_LinearFogEnd: 300
  m_AmbientSkyColor: {r: 0.212, g: 0.227, b: 0.259, a: 1}
  m_AmbientEquatorColor: {r: 0.114, g: 0.125, b: 0.133, a: 1}
  m_AmbientGroundColor: {r: 0.047, g: 0.043, b: 0.035, a: 1}
  m_AmbientIntensity: 1
  m_AmbientMode: 3
  m_SubtractiveShadowColor: {r: 0.42, g: 0.478, b: 0.627, a: 1}
  m_SkyboxMaterial: {fileID: 0}
  m_HaloStrength: 0.5
  m_FlareStrength: 1
  m_FlareFadeSpeed: 3
  m_HaloTexture: {fileID: 0}
  m_SpotCookie: {fileID: 10001, guid: 0000000000000000e000000000000000, type: 0}
  m_DefaultReflectionMode: 0
  m_DefaultReflectionResolution: 128
  m_ReflectionBounces: 1
  m_ReflectionIntensity: 1
  m_CustomReflection: {fileID: 0}
  m_Sun: {fileID: 0}
  m_IndirectSpecularColor: {r: 0, g: 0, b: 0, a: 1}
  m_UseRadianceAmbientProbe: 0
--- !u!157 &3
LightmapSettings:
  m_ObjectHideFlags: 0
  serializedVersion: 11
  m_GIWorkflowMode: 1
  m_GISettings:
    serializedVersion: 2
    m_BounceScale: 1
    m_IndirectOutputScale: 1
    m_AlbedoBoost: 1
    m_TemporalCoherenceThreshold: 1
    m_EnvironmentLightingMode: 0
    m_EnableBakedLightmaps: 0
    m_EnableRealtimeLightmaps: 0
  m_LightmapEditorSettings:
    serializedVersion: 10
    m_Resolution: 2
    m_BakeResolution: 40
    m_AtlasSize: 1024
    m_AO: 0
    m_AOMaxDistance: 1
    m_CompAOExponent: 1
    m_CompAOExponentDirect: 0
    m_Padding: 2
    m_LightmapParameters: {fileID: 0}
    m_LightmapsBakeMode: 1
    m_TextureCompression: 1
    m_FinalGather: 0
    m_FinalGatherFiltering: 1
    m_FinalGatherRayCount: 256
    m_ReflectionCompression: 2
    m_MixedBakeMode: 2
    m_BakeBackend: 1
    m_PVRSampling: 1
    m_PVRDirectSampleCount: 32
    m_PVRSampleCount: 500
    m_PVRBounces: 2
    m_PVRFilterTypeDirect: 0
    m_PVRFilterTypeIndirect: 0
    m_PVRFilterTypeAO: 0
    m_PVRFilteringMode: 1
    m_PVRCulling: 1
    m_PVRFilteringGaussRadiusDirect: 1
    m_PVRFilteringGaussRadiusIndirect: 5
    m_PVRFilteringGaussRadiusAO: 2
    m_PVRFilteringAtrousPositionSigmaDirect: 0.5
    m_PVRFilteringAtrousPositionSigmaIndirect: 2
    m_PVRFilteringAtrousPositionSigmaAO: 1
    m_ShowResolutionOverlay: 1
  m_LightingDataAsset: {fileID: 0}
  m_UseShadowmask: 1
--- !u!196 &4
NavMeshSettings:
  serializedVersion: 2
  m_ObjectHideFlags: 0
  m_BuildSettings:
    serializedVersion: 2
    agentTypeID: 0
    agentRadius: 0.5
    agentHeight: 2
    agentSlope: 45
    agentClimb: 0.4
    ledgeDropHeight: 0
    maxJumpAcrossDistance: 0
    minRegionArea: 2
    manualCellSize: 0
    cellSize: 0.16666667
    manualTileSize: 0
    tileSize: 256
    accuratePlacement: 0
    debug:
      m_Flags: 0
  m_NavMeshData: {fileID: 0}
--- !u!224 &88485649 stripped
RectTransform:
  m_CorrespondingSourceObject: {fileID: 224665962029178706, guid: f1179bf1c0695e743a20b3aa39d1aa11,
    type: 2}
  m_PrefabInternal: {fileID: 1177332261}
--- !u!1 &550371733
GameObject:
  m_ObjectHideFlags: 0
  m_CorrespondingSourceObject: {fileID: 1509866845470864, guid: 3835c16b61a0a9f4c81796c93216f047,
    type: 2}
  m_PrefabInternal: {fileID: 0}
  serializedVersion: 6
  m_Component:
  - component: {fileID: 550371737}
  - component: {fileID: 550371736}
  - component: {fileID: 550371735}
  - component: {fileID: 550371734}
  m_Layer: 0
  m_Name: ControlsCanvas
  m_TagString: Untagged
  m_Icon: {fileID: 0}
  m_NavMeshLayer: 0
  m_StaticEditorFlags: 0
  m_IsActive: 1
--- !u!114 &550371734
MonoBehaviour:
  m_ObjectHideFlags: 0
  m_CorrespondingSourceObject: {fileID: 114300197698665284, guid: 3835c16b61a0a9f4c81796c93216f047,
    type: 2}
  m_PrefabInternal: {fileID: 0}
  m_GameObject: {fileID: 550371733}
  m_Enabled: 1
  m_EditorHideFlags: 0
  m_Script: {fileID: 11500000, guid: 27a8957498f24234ea0a3cab6d9f59e9, type: 3}
  m_Name: 
  m_EditorClassIdentifier: 
--- !u!114 &550371735
MonoBehaviour:
  m_ObjectHideFlags: 0
  m_CorrespondingSourceObject: {fileID: 114439536788704044, guid: 3835c16b61a0a9f4c81796c93216f047,
    type: 2}
  m_PrefabInternal: {fileID: 0}
  m_GameObject: {fileID: 550371733}
  m_Enabled: 1
  m_EditorHideFlags: 0
  m_Script: {fileID: 1301386320, guid: f70555f144d8491a825f0804e09c671c, type: 3}
  m_Name: 
  m_EditorClassIdentifier: 
  m_IgnoreReversedGraphics: 1
  m_BlockingObjects: 0
  m_BlockingMask:
    serializedVersion: 2
    m_Bits: 4294967295
--- !u!223 &550371736
Canvas:
  m_ObjectHideFlags: 0
  m_CorrespondingSourceObject: {fileID: 223775876643269310, guid: 3835c16b61a0a9f4c81796c93216f047,
    type: 2}
  m_PrefabInternal: {fileID: 0}
  m_GameObject: {fileID: 550371733}
  m_Enabled: 1
  serializedVersion: 3
  m_RenderMode: 0
  m_Camera: {fileID: 0}
  m_PlaneDistance: 100
  m_PixelPerfect: 0
  m_ReceivesEvents: 1
  m_OverrideSorting: 0
  m_OverridePixelPerfect: 0
  m_SortingBucketNormalizedSize: 0
  m_AdditionalShaderChannelsFlag: 25
  m_SortingLayerID: 0
  m_SortingOrder: 0
  m_TargetDisplay: 0
--- !u!224 &550371737
RectTransform:
  m_ObjectHideFlags: 0
  m_CorrespondingSourceObject: {fileID: 224521173076133022, guid: 3835c16b61a0a9f4c81796c93216f047,
    type: 2}
  m_PrefabInternal: {fileID: 0}
  m_GameObject: {fileID: 550371733}
  m_LocalRotation: {x: 0, y: 0, z: 0, w: 1}
  m_LocalPosition: {x: 0, y: 0, z: 0}
  m_LocalScale: {x: 0, y: 0, z: 0}
  m_Children:
  - {fileID: 1172343731}
  m_Father: {fileID: 0}
  m_RootOrder: 4
  m_LocalEulerAnglesHint: {x: 0, y: 0, z: 0}
  m_AnchorMin: {x: 0, y: 0}
  m_AnchorMax: {x: 0, y: 0}
  m_AnchoredPosition: {x: 0, y: 0}
  m_SizeDelta: {x: 0, y: 0}
  m_Pivot: {x: 0, y: 0}
--- !u!1001 &1013832425
Prefab:
  m_ObjectHideFlags: 0
  serializedVersion: 2
  m_Modification:
    m_TransformParent: {fileID: 0}
    m_Modifications:
    - target: {fileID: 4172591412555508, guid: d2afa0a223aa4e845a1cd4b68667e8a2, type: 2}
      propertyPath: m_LocalPosition.x
      value: 0
      objectReference: {fileID: 0}
    - target: {fileID: 4172591412555508, guid: d2afa0a223aa4e845a1cd4b68667e8a2, type: 2}
      propertyPath: m_LocalPosition.y
      value: 0.98
      objectReference: {fileID: 0}
    - target: {fileID: 4172591412555508, guid: d2afa0a223aa4e845a1cd4b68667e8a2, type: 2}
      propertyPath: m_LocalPosition.z
      value: -1.62
      objectReference: {fileID: 0}
    - target: {fileID: 4172591412555508, guid: d2afa0a223aa4e845a1cd4b68667e8a2, type: 2}
      propertyPath: m_LocalRotation.x
      value: -0
      objectReference: {fileID: 0}
    - target: {fileID: 4172591412555508, guid: d2afa0a223aa4e845a1cd4b68667e8a2, type: 2}
      propertyPath: m_LocalRotation.y
      value: -0
      objectReference: {fileID: 0}
    - target: {fileID: 4172591412555508, guid: d2afa0a223aa4e845a1cd4b68667e8a2, type: 2}
      propertyPath: m_LocalRotation.z
      value: -0
      objectReference: {fileID: 0}
    - target: {fileID: 4172591412555508, guid: d2afa0a223aa4e845a1cd4b68667e8a2, type: 2}
      propertyPath: m_LocalRotation.w
      value: 1
      objectReference: {fileID: 0}
    - target: {fileID: 4172591412555508, guid: d2afa0a223aa4e845a1cd4b68667e8a2, type: 2}
      propertyPath: m_RootOrder
      value: 1
      objectReference: {fileID: 0}
    - target: {fileID: 114667632423567122, guid: d2afa0a223aa4e845a1cd4b68667e8a2,
        type: 2}
      propertyPath: cf
      value: 
      objectReference: {fileID: 1835457213}
    m_RemovedComponents: []
  m_SourcePrefab: {fileID: 100100000, guid: d2afa0a223aa4e845a1cd4b68667e8a2, type: 2}
  m_IsPrefabAsset: 0
--- !u!1001 &1170311153
Prefab:
  m_ObjectHideFlags: 0
  serializedVersion: 2
  m_Modification:
    m_TransformParent: {fileID: 0}
    m_Modifications:
    - target: {fileID: 4141821394346010, guid: 4aa7517303746cd4b924bbb9066759c4, type: 2}
      propertyPath: m_LocalPosition.x
      value: 6.4505315
      objectReference: {fileID: 0}
    - target: {fileID: 4141821394346010, guid: 4aa7517303746cd4b924bbb9066759c4, type: 2}
      propertyPath: m_LocalPosition.y
      value: 0
      objectReference: {fileID: 0}
    - target: {fileID: 4141821394346010, guid: 4aa7517303746cd4b924bbb9066759c4, type: 2}
      propertyPath: m_LocalPosition.z
      value: 0.11189853
      objectReference: {fileID: 0}
    - target: {fileID: 4141821394346010, guid: 4aa7517303746cd4b924bbb9066759c4, type: 2}
      propertyPath: m_LocalRotation.x
      value: 0
      objectReference: {fileID: 0}
    - target: {fileID: 4141821394346010, guid: 4aa7517303746cd4b924bbb9066759c4, type: 2}
      propertyPath: m_LocalRotation.y
      value: 0
      objectReference: {fileID: 0}
    - target: {fileID: 4141821394346010, guid: 4aa7517303746cd4b924bbb9066759c4, type: 2}
      propertyPath: m_LocalRotation.z
      value: 0
      objectReference: {fileID: 0}
    - target: {fileID: 4141821394346010, guid: 4aa7517303746cd4b924bbb9066759c4, type: 2}
      propertyPath: m_LocalRotation.w
      value: 1
      objectReference: {fileID: 0}
    - target: {fileID: 4141821394346010, guid: 4aa7517303746cd4b924bbb9066759c4, type: 2}
      propertyPath: m_RootOrder
      value: 2
      objectReference: {fileID: 0}
    - target: {fileID: 114559799826646566, guid: 4aa7517303746cd4b924bbb9066759c4,
        type: 2}
      propertyPath: player
      value: 
      objectReference: {fileID: 1286414426}
    m_RemovedComponents: []
  m_SourcePrefab: {fileID: 100100000, guid: 4aa7517303746cd4b924bbb9066759c4, type: 2}
  m_IsPrefabAsset: 0
--- !u!1 &1172343730
GameObject:
  m_ObjectHideFlags: 0
  m_CorrespondingSourceObject: {fileID: 1954216531089512, guid: 3835c16b61a0a9f4c81796c93216f047,
    type: 2}
  m_PrefabInternal: {fileID: 0}
  serializedVersion: 6
  m_Component:
  - component: {fileID: 1172343731}
  - component: {fileID: 1172343735}
  - component: {fileID: 1172343734}
  - component: {fileID: 1172343733}
  - component: {fileID: 1172343732}
  m_Layer: 5
  m_Name: ControlsBorder
  m_TagString: Untagged
  m_Icon: {fileID: 0}
  m_NavMeshLayer: 0
  m_StaticEditorFlags: 0
  m_IsActive: 1
--- !u!224 &1172343731
RectTransform:
  m_ObjectHideFlags: 0
  m_CorrespondingSourceObject: {fileID: 224421918221033314, guid: 3835c16b61a0a9f4c81796c93216f047,
    type: 2}
  m_PrefabInternal: {fileID: 0}
  m_GameObject: {fileID: 1172343730}
  m_LocalRotation: {x: 0, y: 0, z: 0, w: 1}
  m_LocalPosition: {x: 0, y: 0, z: 0}
  m_LocalScale: {x: 1, y: 1, z: 1}
  m_Children:
  - {fileID: 88485649}
  m_Father: {fileID: 550371737}
  m_RootOrder: 0
  m_LocalEulerAnglesHint: {x: 0, y: 0, z: 0}
  m_AnchorMin: {x: 0.5, y: 0.5}
  m_AnchorMax: {x: 0.5, y: 0.5}
  m_AnchoredPosition: {x: -149.6, y: 86.2}
  m_SizeDelta: {x: 200, y: 120}
  m_Pivot: {x: 0.5, y: 0.5}
--- !u!114 &1172343732
MonoBehaviour:
  m_ObjectHideFlags: 0
  m_CorrespondingSourceObject: {fileID: 114338954956028996, guid: 3835c16b61a0a9f4c81796c93216f047,
    type: 2}
  m_PrefabInternal: {fileID: 0}
  m_GameObject: {fileID: 1172343730}
  m_Enabled: 1
  m_EditorHideFlags: 0
  m_Script: {fileID: 1980459831, guid: f70555f144d8491a825f0804e09c671c, type: 3}
  m_Name: 
  m_EditorClassIdentifier: 
  m_UiScaleMode: 0
  m_ReferencePixelsPerUnit: 100
  m_ScaleFactor: 1
  m_ReferenceResolution: {x: 800, y: 600}
  m_ScreenMatchMode: 0
  m_MatchWidthOrHeight: 0
  m_PhysicalUnit: 3
  m_FallbackScreenDPI: 96
  m_DefaultSpriteDPI: 96
  m_DynamicPixelsPerUnit: 1
--- !u!223 &1172343733
Canvas:
  m_ObjectHideFlags: 0
  m_CorrespondingSourceObject: {fileID: 223980202211159134, guid: 3835c16b61a0a9f4c81796c93216f047,
    type: 2}
  m_PrefabInternal: {fileID: 0}
  m_GameObject: {fileID: 1172343730}
  m_Enabled: 1
  serializedVersion: 3
  m_RenderMode: 2
  m_Camera: {fileID: 0}
  m_PlaneDistance: 100
  m_PixelPerfect: 1
  m_ReceivesEvents: 1
  m_OverrideSorting: 0
  m_OverridePixelPerfect: 1
  m_SortingBucketNormalizedSize: 0
  m_AdditionalShaderChannelsFlag: 25
  m_SortingLayerID: 0
  m_SortingOrder: 0
  m_TargetDisplay: 0
--- !u!114 &1172343734
MonoBehaviour:
  m_ObjectHideFlags: 0
  m_CorrespondingSourceObject: {fileID: 114249181915457812, guid: 3835c16b61a0a9f4c81796c93216f047,
    type: 2}
  m_PrefabInternal: {fileID: 0}
  m_GameObject: {fileID: 1172343730}
  m_Enabled: 1
  m_EditorHideFlags: 0
  m_Script: {fileID: -765806418, guid: f70555f144d8491a825f0804e09c671c, type: 3}
  m_Name: 
  m_EditorClassIdentifier: 
  m_Material: {fileID: 0}
  m_Color: {r: 0.2778578, g: 0.26726595, b: 0.6226415, a: 1}
  m_RaycastTarget: 1
  m_OnCullStateChanged:
    m_PersistentCalls:
      m_Calls: []
    m_TypeName: UnityEngine.UI.MaskableGraphic+CullStateChangedEvent, UnityEngine.UI,
      Version=1.0.0.0, Culture=neutral, PublicKeyToken=null
  m_Sprite: {fileID: 21300000, guid: 20f1e8cf6384aed4cbb856b52fa6e69c, type: 3}
  m_Type: 0
  m_PreserveAspect: 0
  m_FillCenter: 1
  m_FillMethod: 4
  m_FillAmount: 1
  m_FillClockwise: 1
  m_FillOrigin: 0
--- !u!222 &1172343735
CanvasRenderer:
  m_ObjectHideFlags: 0
  m_CorrespondingSourceObject: {fileID: 222937286632647834, guid: 3835c16b61a0a9f4c81796c93216f047,
    type: 2}
  m_PrefabInternal: {fileID: 0}
  m_GameObject: {fileID: 1172343730}
  m_CullTransparentMesh: 0
--- !u!1001 &1177332261
Prefab:
  m_ObjectHideFlags: 0
  serializedVersion: 2
  m_Modification:
    m_TransformParent: {fileID: 1172343731}
    m_Modifications:
    - target: {fileID: 224665962029178706, guid: f1179bf1c0695e743a20b3aa39d1aa11,
        type: 2}
      propertyPath: m_LocalPosition.x
      value: 0
      objectReference: {fileID: 0}
    - target: {fileID: 224665962029178706, guid: f1179bf1c0695e743a20b3aa39d1aa11,
        type: 2}
      propertyPath: m_LocalPosition.y
      value: 0
      objectReference: {fileID: 0}
    - target: {fileID: 224665962029178706, guid: f1179bf1c0695e743a20b3aa39d1aa11,
        type: 2}
      propertyPath: m_LocalPosition.z
      value: 0
      objectReference: {fileID: 0}
    - target: {fileID: 224665962029178706, guid: f1179bf1c0695e743a20b3aa39d1aa11,
        type: 2}
      propertyPath: m_LocalRotation.x
      value: 0
      objectReference: {fileID: 0}
    - target: {fileID: 224665962029178706, guid: f1179bf1c0695e743a20b3aa39d1aa11,
        type: 2}
      propertyPath: m_LocalRotation.y
      value: 0
      objectReference: {fileID: 0}
    - target: {fileID: 224665962029178706, guid: f1179bf1c0695e743a20b3aa39d1aa11,
        type: 2}
      propertyPath: m_LocalRotation.z
      value: 0
      objectReference: {fileID: 0}
    - target: {fileID: 224665962029178706, guid: f1179bf1c0695e743a20b3aa39d1aa11,
        type: 2}
      propertyPath: m_LocalRotation.w
      value: 1
      objectReference: {fileID: 0}
    - target: {fileID: 224665962029178706, guid: f1179bf1c0695e743a20b3aa39d1aa11,
        type: 2}
      propertyPath: m_RootOrder
      value: 0
      objectReference: {fileID: 0}
    - target: {fileID: 224665962029178706, guid: f1179bf1c0695e743a20b3aa39d1aa11,
        type: 2}
      propertyPath: m_AnchoredPosition.x
      value: -320
      objectReference: {fileID: 0}
    - target: {fileID: 224665962029178706, guid: f1179bf1c0695e743a20b3aa39d1aa11,
        type: 2}
      propertyPath: m_AnchoredPosition.y
      value: 200
      objectReference: {fileID: 0}
    - target: {fileID: 224665962029178706, guid: f1179bf1c0695e743a20b3aa39d1aa11,
        type: 2}
      propertyPath: m_SizeDelta.x
      value: 200
      objectReference: {fileID: 0}
    - target: {fileID: 224665962029178706, guid: f1179bf1c0695e743a20b3aa39d1aa11,
        type: 2}
      propertyPath: m_SizeDelta.y
      value: 50
      objectReference: {fileID: 0}
    - target: {fileID: 224665962029178706, guid: f1179bf1c0695e743a20b3aa39d1aa11,
        type: 2}
      propertyPath: m_AnchorMin.x
      value: 0.5
      objectReference: {fileID: 0}
    - target: {fileID: 224665962029178706, guid: f1179bf1c0695e743a20b3aa39d1aa11,
        type: 2}
      propertyPath: m_AnchorMin.y
      value: 0.5
      objectReference: {fileID: 0}
    - target: {fileID: 224665962029178706, guid: f1179bf1c0695e743a20b3aa39d1aa11,
        type: 2}
      propertyPath: m_AnchorMax.x
      value: 0.5
      objectReference: {fileID: 0}
    - target: {fileID: 224665962029178706, guid: f1179bf1c0695e743a20b3aa39d1aa11,
        type: 2}
      propertyPath: m_AnchorMax.y
      value: 0.5
      objectReference: {fileID: 0}
    - target: {fileID: 224665962029178706, guid: f1179bf1c0695e743a20b3aa39d1aa11,
        type: 2}
      propertyPath: m_Pivot.x
      value: 0.5
      objectReference: {fileID: 0}
    - target: {fileID: 224665962029178706, guid: f1179bf1c0695e743a20b3aa39d1aa11,
        type: 2}
      propertyPath: m_Pivot.y
      value: 0.5
      objectReference: {fileID: 0}
    - target: {fileID: 1726240363657608, guid: f1179bf1c0695e743a20b3aa39d1aa11, type: 2}
      propertyPath: m_Name
      value: TutText
      objectReference: {fileID: 0}
    m_RemovedComponents: []
  m_SourcePrefab: {fileID: 100100000, guid: f1179bf1c0695e743a20b3aa39d1aa11, type: 2}
  m_IsPrefabAsset: 0
--- !u!4 &1286414426 stripped
Transform:
  m_CorrespondingSourceObject: {fileID: 4172591412555508, guid: d2afa0a223aa4e845a1cd4b68667e8a2,
    type: 2}
  m_PrefabInternal: {fileID: 1013832425}
--- !u!1001 &1537231919
Prefab:
  m_ObjectHideFlags: 0
  serializedVersion: 2
  m_Modification:
    m_TransformParent: {fileID: 0}
    m_Modifications:
    - target: {fileID: 4177228874679424, guid: d4d32b700da17284fa2f816c9e9d72f9, type: 2}
      propertyPath: m_LocalPosition.x
      value: 5
      objectReference: {fileID: 0}
    - target: {fileID: 4177228874679424, guid: d4d32b700da17284fa2f816c9e9d72f9, type: 2}
      propertyPath: m_LocalPosition.y
      value: 1.21
      objectReference: {fileID: 0}
    - target: {fileID: 4177228874679424, guid: d4d32b700da17284fa2f816c9e9d72f9, type: 2}
      propertyPath: m_LocalPosition.z
      value: -10
      objectReference: {fileID: 0}
    - target: {fileID: 4177228874679424, guid: d4d32b700da17284fa2f816c9e9d72f9, type: 2}
      propertyPath: m_LocalRotation.x
      value: -0
      objectReference: {fileID: 0}
    - target: {fileID: 4177228874679424, guid: d4d32b700da17284fa2f816c9e9d72f9, type: 2}
      propertyPath: m_LocalRotation.y
      value: -0
      objectReference: {fileID: 0}
    - target: {fileID: 4177228874679424, guid: d4d32b700da17284fa2f816c9e9d72f9, type: 2}
      propertyPath: m_LocalRotation.z
      value: -0
      objectReference: {fileID: 0}
    - target: {fileID: 4177228874679424, guid: d4d32b700da17284fa2f816c9e9d72f9, type: 2}
      propertyPath: m_LocalRotation.w
      value: 1
      objectReference: {fileID: 0}
    - target: {fileID: 4177228874679424, guid: d4d32b700da17284fa2f816c9e9d72f9, type: 2}
      propertyPath: m_RootOrder
      value: 0
      objectReference: {fileID: 0}
    - target: {fileID: 114855404699241846, guid: d4d32b700da17284fa2f816c9e9d72f9,
        type: 2}
      propertyPath: player
      value: 
      objectReference: {fileID: 1286414426}
    m_RemovedComponents: []
  m_SourcePrefab: {fileID: 100100000, guid: d4d32b700da17284fa2f816c9e9d72f9, type: 2}
  m_IsPrefabAsset: 0
--- !u!1001 &1543592952
Prefab:
  m_ObjectHideFlags: 0
  serializedVersion: 2
  m_Modification:
    m_TransformParent: {fileID: 0}
    m_Modifications:
    - target: {fileID: 4693519098600868, guid: 588d723b20f63f04c9fcbc4d78877010, type: 2}
      propertyPath: m_LocalPosition.x
      value: 4.621096
      objectReference: {fileID: 0}
    - target: {fileID: 4693519098600868, guid: 588d723b20f63f04c9fcbc4d78877010, type: 2}
      propertyPath: m_LocalPosition.y
      value: -0.39913505
      objectReference: {fileID: 0}
    - target: {fileID: 4693519098600868, guid: 588d723b20f63f04c9fcbc4d78877010, type: 2}
      propertyPath: m_LocalPosition.z
      value: -0.0771271
      objectReference: {fileID: 0}
    - target: {fileID: 4693519098600868, guid: 588d723b20f63f04c9fcbc4d78877010, type: 2}
      propertyPath: m_LocalRotation.x
      value: 0
      objectReference: {fileID: 0}
    - target: {fileID: 4693519098600868, guid: 588d723b20f63f04c9fcbc4d78877010, type: 2}
      propertyPath: m_LocalRotation.y
      value: 0
      objectReference: {fileID: 0}
    - target: {fileID: 4693519098600868, guid: 588d723b20f63f04c9fcbc4d78877010, type: 2}
      propertyPath: m_LocalRotation.z
      value: 0
      objectReference: {fileID: 0}
    - target: {fileID: 4693519098600868, guid: 588d723b20f63f04c9fcbc4d78877010, type: 2}
      propertyPath: m_LocalRotation.w
      value: 1
      objectReference: {fileID: 0}
    - target: {fileID: 4693519098600868, guid: 588d723b20f63f04c9fcbc4d78877010, type: 2}
      propertyPath: m_RootOrder
      value: 5
      objectReference: {fileID: 0}
    - target: {fileID: 114579112015486164, guid: 588d723b20f63f04c9fcbc4d78877010,
        type: 2}
      propertyPath: player
      value: 
      objectReference: {fileID: 1286414426}
    m_RemovedComponents: []
  m_SourcePrefab: {fileID: 100100000, guid: 588d723b20f63f04c9fcbc4d78877010, type: 2}
  m_IsPrefabAsset: 0
--- !u!1001 &1743843710
Prefab:
  m_ObjectHideFlags: 0
  serializedVersion: 2
  m_Modification:
    m_TransformParent: {fileID: 0}
    m_Modifications:
    - target: {fileID: 4326904913191206, guid: 53edab2647ac5a444a4bdb42702b029f, type: 2}
      propertyPath: m_LocalPosition.x
      value: 22.04
      objectReference: {fileID: 0}
    - target: {fileID: 4326904913191206, guid: 53edab2647ac5a444a4bdb42702b029f, type: 2}
      propertyPath: m_LocalPosition.y
      value: -2.82
      objectReference: {fileID: 0}
    - target: {fileID: 4326904913191206, guid: 53edab2647ac5a444a4bdb42702b029f, type: 2}
      propertyPath: m_LocalPosition.z
      value: 0
      objectReference: {fileID: 0}
    - target: {fileID: 4326904913191206, guid: 53edab2647ac5a444a4bdb42702b029f, type: 2}
      propertyPath: m_LocalRotation.x
      value: -0
      objectReference: {fileID: 0}
    - target: {fileID: 4326904913191206, guid: 53edab2647ac5a444a4bdb42702b029f, type: 2}
      propertyPath: m_LocalRotation.y
      value: -0
      objectReference: {fileID: 0}
    - target: {fileID: 4326904913191206, guid: 53edab2647ac5a444a4bdb42702b029f, type: 2}
      propertyPath: m_LocalRotation.z
      value: -0
      objectReference: {fileID: 0}
    - target: {fileID: 4326904913191206, guid: 53edab2647ac5a444a4bdb42702b029f, type: 2}
      propertyPath: m_LocalRotation.w
      value: 1
      objectReference: {fileID: 0}
    - target: {fileID: 4326904913191206, guid: 53edab2647ac5a444a4bdb42702b029f, type: 2}
      propertyPath: m_RootOrder
      value: 3
      objectReference: {fileID: 0}
    - target: {fileID: 114511410744947124, guid: 53edab2647ac5a444a4bdb42702b029f,
        type: 2}
      propertyPath: camera
      value: 
      objectReference: {fileID: 1835457216}
    - target: {fileID: 4951197424932838, guid: 53edab2647ac5a444a4bdb42702b029f, type: 2}
      propertyPath: m_RootOrder
      value: 0
      objectReference: {fileID: 0}
    - target: {fileID: 4490521883958072, guid: 53edab2647ac5a444a4bdb42702b029f, type: 2}
      propertyPath: m_RootOrder
      value: 1
      objectReference: {fileID: 0}
    - target: {fileID: 4951197424932838, guid: 53edab2647ac5a444a4bdb42702b029f, type: 2}
      propertyPath: m_LocalPosition.y
      value: 0
      objectReference: {fileID: 0}
    m_RemovedComponents: []
  m_SourcePrefab: {fileID: 100100000, guid: 53edab2647ac5a444a4bdb42702b029f, type: 2}
  m_IsPrefabAsset: 0
--- !u!114 &1835457213 stripped
MonoBehaviour:
  m_CorrespondingSourceObject: {fileID: 114855404699241846, guid: d4d32b700da17284fa2f816c9e9d72f9,
    type: 2}
  m_PrefabInternal: {fileID: 1537231919}
  m_Script: {fileID: 11500000, guid: e5200707195e2854892734b5bd92da79, type: 3}
--- !u!4 &1835457216 stripped
Transform:
  m_CorrespondingSourceObject: {fileID: 4177228874679424, guid: d4d32b700da17284fa2f816c9e9d72f9,
    type: 2}
  m_PrefabInternal: {fileID: 1537231919}
